<record xmlns="http://www.loc.gov/MARC21/slim" xmlns:xsi="http://www.w3.org/2001/XMLSchema-instance" xsi:schemaLocation="http://www.loc.gov/MARC21/slim http://www.loc.gov/standards/marcxml/schema/MARC21slim.xsd">

  <leader>00754nam a22002057a 4500</leader>
  <controlfield tag="008">160829b2007    s  a|||| |||| 00| | spa d</controlfield>
  <datafield ind2=" " tag="020" ind1=" ">
    <subfield code="a">9788469081983</subfield>
  </datafield>
  <datafield ind1=" " tag="090" ind2=" ">
    <subfield code="a">14.02.03</subfield>
    <subfield code="b">2373</subfield>
  </datafield>
  <datafield ind2=" " tag="110" ind1="2">
    <subfield code="9">1951</subfield>
    <subfield code="a">Fundación Española para la Ciencia y la Tecnologìa</subfield>
  </datafield>
  <datafield ind2="0" tag="245" ind1="1">
    <subfield code="a">Mujer y ciencia: la situación de las mujeres investigadoras en el sistema español de ciencia y tecnología /</subfield>
    <subfield code="c">Fundación Española para la Ciencia y la Tecnología</subfield>
  </datafield>
  <datafield ind1=" " tag="250" ind2=" ">
    <subfield code="a">2 edición actualizada</subfield>
  </datafield>
  <datafield ind1=" " tag="260" ind2=" ">
    <subfield code="a">[Madrid] :</subfield>
    <subfield code="b">FECYT,</subfield>
    <subfield code="c">2007</subfield>
  </datafield>
  <datafield ind1=" " tag="300" ind2=" ">
    <subfield code="a">119 páginas;</subfield>
    <subfield code="b">ilustraciones</subfield>
  </datafield>
  <datafield ind1=" " tag="650" ind2="0">
    <subfield code="9">55</subfield>
    <subfield code="a">MUJERES</subfield>
  </datafield>
  <datafield ind1=" " tag="650" ind2="0">
    <subfield code="9">890</subfield>
    <subfield code="a">CIENCIA</subfield>
  </datafield>
  <datafield ind1=" " tag="650" ind2="0">
    <subfield code="9">28</subfield>
    <subfield code="a">TECNOLOGÍA</subfield>
  </datafield>
  <datafield ind2="0" tag="650" ind1=" ">
    <subfield code="9">920</subfield>
    <subfield code="a">DOCENCIA UNIVERSITARIA</subfield>
  </datafield>
  <datafield ind2="0" tag="650" ind1=" ">
    <subfield code="9">1952</subfield>
    <subfield code="a">ESTUDIOS SOBRE LAS MUJERES</subfield>
  </datafield>
  <datafield ind1=" " tag="942" ind2=" ">
    <subfield code="2">z</subfield>
    <subfield code="c">01</subfield>
  </datafield>
  <datafield ind2=" " ind1=" " tag="999">
    <subfield code="c">3311</subfield>
    <subfield code="d">3311</subfield>
  </datafield>
</record>